@article{healey2019contiguity,
  title={Contiguity in episodic memory},
  author={Healey, M Karl and Long, Nicole M and Kahana, Michael J},
  journal={Psychonomic bulletin \& review},
  volume={26},
  number={3},
  pages={699--720},
  year={2019},
  publisher={Springer}
}

@article{kumar2021semantic,
  title={Semantic memory: A review of methods, models, and current challenges},
  author={Kumar, Abhilasha A},
  journal={Psychonomic Bulletin \& Review},
  volume={28},
  pages={40--80},
  year={2021},
  publisher={Springer}
}

@book{hollway2000doing,
  title={Doing qualitative research differently: Free association, narrative and the interview method},
  author={Hollway, Wendy and Jefferson, Tony},
  year={2000},
  publisher={Sage}
}

@article{kahana2020computational,
  title={Computational models of memory search},
  author={Kahana, Michael J},
  journal={Annual Review of Psychology},
  volume={71},
  pages={107--138},
  year={2020},
  publisher={Annual Reviews}
}

@article{ericsson2006protocol,
  title={Protocol analysis and expert thought: Concurrent verbalizations of thinking during expertsâ€™ performance on representative tasks},
  author={Ericsson, K Anders},
  journal={The Cambridge handbook of expertise and expert performance},
  pages={223--241},
  year={2006}
}

@article{simmons2016false,
  title={False-positive psychology: undisclosed flexibility in data collection and analysis allows presenting anything as significant.},
  author={Simmons, Joseph P and Nelson, Leif D and Simonsohn, Uri},
  year={2016},
  publisher={American Psychological Association}
}